% Encoding: UTF-8

@article{Wiegand2019,
  author    = {Martin Wiegand and Saralees Nadarajah},
  journal   = {Communications in Statistics - Simulation and Computation},
  title     = {{MEPDF}: Multivariate empirical density functions},
  year      = {2019},
  month     = {jan},
  number    = {2},
  pages     = {367--375},
  volume    = {50},
  doi       = {10.1080/03610918.2018.1554118},
  publisher = {Informa {UK} Limited},
}

@article{ForemanMackey2016,
  author    = {Daniel Foreman-Mackey},
  journal   = {The Journal of Open Source Software},
  title     = {corner.py: Scatterplot matrices in Python},
  year      = {2016},
  month     = {jun},
  number    = {2},
  pages     = {24},
  volume    = {1},
  doi       = {10.21105/joss.00024},
  publisher = {The Open Journal},
}

@Article{Penrose1956,
  author    = {R. Penrose},
  journal   = {Mathematical Proceedings of the Cambridge Philosophical Society},
  title     = {On best approximate solutions of linear matrix equations},
  year      = {1956},
  month     = {jan},
  number    = {1},
  pages     = {17--19},
  volume    = {52},
  doi       = {10.1017/s0305004100030929},
  publisher = {Cambridge University Press ({CUP})},
}

@Article{Harris2020,
  author    = {Charles R. Harris and K. Jarrod Millman and St{\'{e}}fan J. van der Walt and Ralf Gommers and Pauli Virtanen and David Cournapeau and Eric Wieser and Julian Taylor and Sebastian Berg and Nathaniel J. Smith and Robert Kern and Matti Picus and Stephan Hoyer and Marten H. van Kerkwijk and Matthew Brett and Allan Haldane and Jaime Fern{\'{a}}ndez del R{\'{i}}o and Mark Wiebe and Pearu Peterson and Pierre G{\'{e}}rard-Marchant and Kevin Sheppard and Tyler Reddy and Warren Weckesser and Hameer Abbasi and Christoph Gohlke and Travis E. Oliphant},
  journal   = {Nature},
  title     = {Array programming with {NumPy}},
  year      = {2020},
  month     = sep,
  number    = {7825},
  pages     = {357--362},
  volume    = {585},
  doi       = {10.1038/s41586-020-2649-2},
  publisher = {Springer Science and Business Media {LLC}},
  url       = {https://doi.org/10.1038/s41586-020-2649-2},
}

@Comment{jabref-meta: databaseType:bibtex;}
